@article{kaiser2003coupling,
  title={Coupling cell movement to multicellular development in myxobacteria},
  author={Kaiser, Dale},
  journal={Nature Reviews Microbiology},
  volume={1},
  number={1},
  pages={45},
  year={2003},
  publisher={Nature Publishing Group}
}
@article{qi1993cellular,
  title={A cellular automaton model of cancerous growth},
  author={Qi, An-Shen and Zheng, Xiang and Du, Chan-Ying and An, Bao-Sheng},
  journal={Journal of theoretical biology},
  volume={161},
  number={1},
  pages={1--12},
  year={1993},
  publisher={Elsevier}
}
@article{leith1971simulation,
  title={Simulation of movement of cells during self-sorting},
  author={Leith, Ardean G and Goel, Narendra S},
  journal={Journal of theoretical biology},
  volume={33},
  number={1},
  pages={171--188},
  year={1971},
  publisher={Elsevier}
}
@article{longo2004multicellular,
  title={Multicellular computer simulation of morphogenesis: blastocoel roof thinning and matrix assembly in Xenopus laevis},
  author={Longo, Diane and Peirce, Shayn M and Skalak, Thomas C and Davidson, Lance and Marsden, Mungo and Dzamba, Bette and DeSimone, Douglas W},
  journal={Developmental biology},
  volume={271},
  number={1},
  pages={210--222},
  year={2004},
  publisher={Elsevier}
}
@article{angelani2009self,
  title={Self-starting micromotors in a bacterial bath},
  author={Angelani, Luca and Di Leonardo, Roberto and Ruocco, Giancarlo},
  journal={Physical review letters},
  volume={102},
  number={4},
  pages={048104},
  year={2009},
  publisher={APS}
}
@article{drasdo2005single,
  title={A single-cell-based model of tumor growth in vitro: monolayers and spheroids},
  author={Drasdo, Dirk and Hoehme, Stefan},
  journal={Physical biology},
  volume={2},
  number={3},
  pages={133},
  year={2005},
  publisher={IOP Publishing}
}
@phdthesis{tamulonis2013cell,
  title={Cell-based models},
  author={Tamulonis, Carlos Videira Teixeira and others},
  year={2013},
  school={Citeseer}
}
@article{galle2005modeling,
  title={Modeling the effect of deregulated proliferation and apoptosis on the growth dynamics of epithelial cell populations in vitro},
  author={Galle, J{\"o}rg and Loeffler, Markus and Drasdo, Dirk},
  journal={Biophysical journal},
  volume={88},
  number={1},
  pages={62--75},
  year={2005},
  publisher={Elsevier}
}
@article{schaller2005multicellular,
  title={Multicellular tumor spheroid in an off-lattice Voronoi-Delaunay cell model},
  author={Schaller, Gernot and Meyer-Hermann, Michael},
  journal={Physical Review E},
  volume={71},
  number={5},
  pages={051910},
  year={2005},
  publisher={APS}
}
@article{honda1978description,
  title={Description of cellular patterns by Dirichlet domains: the two-dimensional case},
  author={Honda, Hisao},
  journal={Journal of Theoretical Biology},
  volume={72},
  number={3},
  pages={523--543},
  year={1978},
  publisher={Elsevier}
}
@article{weliky1990mechanical,
  title={The mechanical basis of cell rearrangement. I. Epithelial morphogenesis during Fundulus epiboly},
  author={Weliky, Michael and Oster, George},
  journal={Development},
  volume={109},
  number={2},
  pages={373--386},
  year={1990},
  publisher={The Company of Biologists Ltd}
}
@article{farhadifar2007influence,
  title={The influence of cell mechanics, cell-cell interactions, and proliferation on epithelial packing},
  author={Farhadifar, Reza and R{\"o}per, Jens-Christian and Aigouy, Benoit and Eaton, Suzanne and J{\"u}licher, Frank},
  journal={Current Biology},
  volume={17},
  number={24},
  pages={2095--2104},
  year={2007},
  publisher={Elsevier}
}
@misc{gaygithub,
  author = {Guillaume Gay, Bertrand Caré, Cyprien Gay ,Hadrien Mary ,François Molino,Magali Suzanne},
  title = {Tyssue Librairie},
  howpublished = {\emph{https://github.com/DamCB/tyssue}},
  note = {Accessed: 2018-03-23}
}